<?xml version="1.0" encoding="UTF-8"?><collection xmlns="http://www.loc.gov/MARC21/slim"><record><leader>00374nam--2200121-i-4500</leader><controlfield tag="001">000048640</controlfield><controlfield tag="002">20161230</controlfield><controlfield tag="005">20161230201047</controlfield><controlfield tag="008">060222s1000------------r-----000-0-eng-d</controlfield><datafield ind1=" " ind2=" " tag="080"><subfield code="a">061.62(047:520)</subfield></datafield><datafield ind1=" " ind2=" " tag="245"><subfield code="a">Radiation center of osaka prefecture. annual report of the radiation center of osaka prefecture</subfield></datafield><datafield ind1=" " ind2=" " tag="260"><subfield code="a">Sakai, Osaka, Radiation Center, 1961, 158p</subfield></datafield><datafield ind1=" " ind2=" " tag="852"><subfield code="a">21246</subfield></datafield></record></collection>